@misc{merriam-forensic,
  title = {Merriam Webster Dictionary - forensic},
  year = {2015},
  howpublished = {\url{http://www.merriam-webster.com/dictionary/forensic}},
  timestamp = {2015.12.20}
}

@misc{merriam-audit,
  title = {Merriam Webster Dictionary - audit},
  year = {2015},
  howpublished = {\url{http://www.merriam-webster.com/dictionary/audit}},
  timestamp = {2015.12.20}
}

@ARTICLE{weaver,
  author = {Weaver, Lisa},
  title = {FORENSIC AUDITING RELEVANT TO ACCA QUALIFICATION PAPER P7},
  journal = {Student Accountant},
  year = {Sep 2008},
  timestamp = {2015.06.28}
}

@misc{pwc-asset,
  title = {Asset misappropriation; The perennial leader among economic crimes},
  year = {2015},
  howpublished = {\url{http://www.pwc.com/gx/en/services/advisory/consulting/forensics/economic-crime-survey/economic-crimes/asset-misappropriation.html}},
  timestamp = {2015.12.20}
}

@CONFERENCE{kyfranke,
  author = {Franke, Katrin},
  title = {Digital \& Computational Forensics},
  year = {2012},
  editor = {},
  address = {},
  organization = {Norwegian Information Security Laboratory (NISlab), Gjøvik University College},
  howpublished = {\url{http://bit.ly/1PBcDN5}},
  timestamp = {2016.01.01}
}

@misc{whitepaper,
  author = {Albrecht, Chad and Kranacher, Mary-Jo and Albrecht, Steve },
  title = {Asset Misappropriation Research White Paper for the Institute for Fraud Prevention},
  year = {07-Oct-2010},
  howpublished = {\url{http://www.theifp.org/research-grants/IFP-Whitepaper-5.pdf}},
  urldate = {2015.12.20}
}

@ARTICLE{Ariu,
  author = {Ariu, D. and  Giacinto, G. and Roli, F.},
  title = {Machine Learning in Computer Forensics (and the Lessons
Learned from Machine Learning in Computer Security)},
  organization = {Department of Electrical and Electronic Engineering, University of Cagliari},
  year = {2008},
  timestamp = {2015.06.28}
}





@ARTICLE{1,
  author = {Van Solms, S.H. and Lourens, C.P.},
  title = {A Control Framework for Digital Forensics},
  journal = {IFIP 11.9},
  year = {2006},
  timestamp = {2015.06.28}
}


@misc{3,
  author = {Pollitt, M.},
  title = {Computer forensics: an approach to evidence in cyberspace},
  journal = {Proceedings of the Natural Information Systems Security Conference, Baltimore, MD},
  year = {1995},
  volume = {vol. 2},
  pages = {pp. 487-491},
  howpublished = {\url{http://www.digitalevidencepro.com/Resources/Approach.pdf}},
  urldate = {2015.06.28}
}

@misc{4,
  author = {A. Agrawal, M. Gupta, S. Gupta and C. Gupta},
  title = {Systematic digital forensic investigation model},
  journal = {International Journal of Computer Science Security},
  year = {2011},
  volume = {vol. 5},
  pages = {no. 1},
  timestamp = {2015.06.28},
  howpublished = {\url{http://www.cscjournals.org/csc/manuscript/Journals/IJCSS/volume5/Issue1/IJCSS-438.pdf}}
}

@ARTICLE{5,
  author = {A. Tanner and D. Dampier},
  title = {An Approach for Managing Knowledge in Digital Forensics Examinations},
  journal = {International Journal of Computer Science Security},
  year = {2010},
  volume = {vol. 4},
  number = {no. 5},
  timestamp = {2015.06.28}
}

@CONFERENCE{6,
  author = {M. Köhn, J. H. P. Eloff, M. S. Olivier},
  title = {Framework for a digital forensic investigation},
  year = {2006},
  editor = {H. S. Venter, J. H. P. Eloff, L. Labuschagne, and M. M. Eloff},
  address = {Sandton, South Africa},
  organization = {Proceedings of the ISSA 2006 From Insight to Foresight Conference},
  timestamp = {2015.06.28}
}

@ARTICLE{7,
  author = {S. Al-Fedaghi},
  title = {Awareness Of Context and Privacy},
  journal = {Am. Soc. Information Sci. Tech. Bull.},
  year = {2011},
  volume = {vol. 38},
  number = {no. 2},
  timestamp = {2015.06.28}
}


@ARTICLE{8,
  author = {S. Al-Fedaghi},
  title = {Conceptual Foundation for Specifying Processes},
  journal = {Int. J. Adv. Comput. Tech.},
  year = {2011},
  volume = {vol. 3},
  number = {no. 4},
  timestamp = {2015.06.28}
}

@misc{9,
  title = {Forensic auditing, Relevant to ACCA Qualification Paper P7},
  year = {September 2008},
  howpublished = {\url{http://www.accaglobal.com/in/en/student/exam-support-resources/professional-exams-study-resources/p7/technical-articles/forensic-accounting.html}}
}

@misc{10,
  author = {Mustapha Mugisa, CISA CFE CrFA MBA},
  title = {Today’s  Digital  forensics \& tools},
  howpublished = {\url{https://www.isaca.org/chapters2/kampala/newsandannouncements/Documents/Introduction%20to%20forensic%20investigation;%20approach%20and%20tools%20available-January%202012.pdf}}
}

@misc{12,
  title = {Computer Forensics Tool Catalog},
  howpublished = {\url{http://toolcatalog.nist.gov/}}

}

@misc{12,
  title = {Fraud and Forensic Accounting In a Digital Environment White Paper for The Institute for Fraud Prevention},
  author = {ConanC. Albrecht},
  howpublished = {\url{http://www.theifp.org/research-grants/IFP-Whitepaper-4.pdf}}
}

@misc{14,
  title = {Microsoft's COFEE Computer Forensic Tools Leaked},
  year = {Nov 2009},
  howpublished = {\url{https://www.techdirt.com/articles/20091108/0808216846.shtml}},
  timestamp = {2015.06.28}
}

@misc{15,
  title = {IDEA Data Analysis},
  howpublished = {\url{http://www.casewareanalytics.com/products/idea-data-analysis}},
  timestamp = {2015.06.28}
}

@misc{16,
  title = {Selling Projects on the Microsoft Business Analytics Platform: A perspective for systems integration Retrieved},
  author = {David Chappell},
  year = {2014},
  howpublished = {\url{http://www.davidchappell.com/writing/white_papers/Selling-Projects-on-the-MS-Business-Analytics-Platform--Chappell.pdf}}, 
  timestamp = {2015.06.28}
}

@misc{17,
  title = {Design and Implementation of Administrator Session Monitoring Retrieved},
  howpublished = {\url{http://hitachi-id.com/privileged-access-manager/docs/admin-session-monitoring.html}},
  timestamp = {2015.06.28}
 
}

@misc{18,
  title = {An Event-Based Digital Forensic Investigation Framework},
  author = {Brian D. Carrier, Eugene H. Spafford},
  howpublished = {\url{http://www.dfrws.org/2004/day1/Carrier-event.pdf}},
  year = {2003},
  timestamp = {2015.06.28}
}

@misc{x1,
  title = {Forensic audit},
  howpublished = {\url{http://www.investorwords.com/16445/forensic_audit.html#ixzz3SFC3Lqlf}},
  timestamp = {2015.06.28}
}

@misc{20,
  author = {U.S. Commerce Department},
  title = {The National Institute of Standards and Technology},
  year = {2014},
  howpublished = {\url{http://toolcatalog.nist.gov/populated_taxonomy/}},
  timestamp = {2015.06.28}
}

@ARTICLE{21,
  author = {Donald C. Marczewski, Michael Akers},
  title = {CP As Perceptions of the Impact of SAS},
  publisher = {Chicago Mercantile Exchange Inc., Marquette University},
  year = {2005},
  timestamp = {2015.06.28}
}

@ARTICLE{EFCodd,
	author = {Codd, Edgar F.},
	title = {A Relational Model of Data for Large Shared Data Banks},
	year = {1970}
}

@misc{24,
  author = {U.S. Commerce Department},
  title = {The National Institute of Standards and Technology},
  year = {2014},
  howpublished = {\url{http://toolcatalog.nist.gov/populated_taxonomy/}},
  timestamp = {2015.06.28}
}


@misc{x2,
	title = {Flat File},
	howpublished = {\url{http://techterms.com/definition/flatfile}},
	timestamp = {2015.06.28}
}
